
@article{pinkerton1956information,
  title={Information theory and melody.},
  author={Pinkerton, Richard C},
  journal={Scientific American},
  year={1956},
  publisher={Scientific American, Inc.}
}

@article{todd1989connectionist,
  title={A connectionist approach to algorithmic composition},
  author={Todd, Peter M},
  journal={Computer Music Journal},
  volume={13},
  number={4},
  pages={27--43},
  year={1989},
  publisher={JSTOR}
}

@inproceedings{mcintyre1994bach,
  title={Bach in a box: The evolution of four part baroque harmony using the genetic algorithm},
  author={McIntyre, Ryan A},
  booktitle={Evolutionary Computation, 1994. IEEE World Congress on Computational Intelligence., Proceedings of the First IEEE Conference on},
  pages={852--857},
  year={1994},
  organization={IEEE}
}

@article{horner1991genetic,
  title={Genetic algorithms and computer-assisted music composition},
  author={Horner, Andrew and Goldberg, David E},
  journal={Urbana},
  volume={51},
  number={61801},
  pages={14},
  year={1991}
}

@article{chemillier2004toward,
  title={Toward a formal study of jazz chord sequences generated by steedman’s grammar},
  author={Chemillier, Marc},
  journal={Soft Computing},
  volume={8},
  number={9},
  pages={617--622},
  year={2004},
  publisher={Springer}
}

@article{lidov1973melody,
  title={A melody writing algorithm using a formal language model},
  author={Lidov, David and Gabura, Jim},
  journal={Computers in the Humanities},
  volume={3},
  pages={138--48},
  year={1973}
}

@article{rader1974method,
  title={A method for composing simple traditional music by computer},
  author={Rader, Gary M},
  journal={Communications of the ACM},
  volume={17},
  number={11},
  pages={631--638},
  year={1974},
  publisher={ACM}
}

@phdthesis{burton1998hybrid,
  title={A hybrid neuro-genetic pattern evolution system applied to musical composition},
  author={Burton, Anthony Richard}
}

@article{swift1997brief,
  title={A brief introduction to midi},
  author={Swift, Andrew},
  journal={URL http://www. doc. ic. ac. uk/\~{} nd/surprise\_97/journal/vol1/aps2},
  volume={6},
  year={1997}
}

@article{fernandez2013ai,
  title={AI methods in algorithmic composition: A comprehensive survey},
  author={Fern{\'a}ndez, Jose D and Vico, Francisco},
  journal={Journal of Artificial Intelligence Research},
  pages={513--582},
  year={2013}
}

@inproceedings{freitas2011melody,
  title={Melody harmonization in evolutionary music using multiobjective genetic algorithms},
  author={Freitas, Alan and Guimaraes, Frederico},
  booktitle={Proceedings of the Sound and Music Computing Conference},
  year={2011}
}

@inproceedings{franklin2001multi,
  title={Multi-phase learning for jazz improvisation and interaction},
  author={Franklin, Judy A},
  booktitle={Proceedings of the Eighth Biennial Symposium for Arts \& Technology},
  year={2001}
}

@article{diaz2011composing,
  title={Composing with Melomics: Delving into the computational world for musical inspiration},
  author={Diaz-Jerez, Gustavo},
  journal={Leonardo Music Journal},
  volume={21},
  pages={13--14},
  year={2011},
  publisher={MIT Press}
}

@article{thomas1985vivace,
  title={Vivace: A rule based $\{$AI$\}$ system for composition},
  author={Thomas, Marilyn T},
  year={1985}
}

@inproceedings{horowitz1995representing,
  title={Representing musical knowledge in a jazz improvisation system},
  author={Horowitz, Damon},
  booktitle={Proceedings of Artificial Intelligence and Music, IJCAI workshop},
  pages={16--23},
  year={1995},
  organization={Citeseer}
}

@article{moorer1972music,
  title={Music and computer composition},
  author={Moorer, James Anderson},
  journal={Communications of the ACM},
  volume={15},
  number={2},
  pages={104--113},
  year={1972},
  publisher={ACM}
}

@book{simon2013too,
  title={Too Big to Ignore: The Business Case for Big Data},
  author={Simon, Phil},
  volume={72},
  year={2013},
  publisher={John Wiley \& Sons}
}

@techreport{smirke2015global,
  title={Global Record Business Dips Slightly, U.S. Ticks Upwards In IFPI's 2015 Report},
  author={Richard Smirke},
  institution={billboard.com},
  year={2015},
  type={report}    
}

@techreport{riaj2015global,
  title={RIAJ Yearbook 2015: IFPI 2013, 2014. Global Sales of Recorded Music},
  institution={Recording Industry Association of Japan},
  year={2015}    
}

@article{jordan1997serial,
  title={Serial order: A parallel distributed processing approach},
  author={Jordan, Michael I},
  journal={Advances in psychology},
  volume={121},
  pages={471--495},
  year={1997},
  publisher={Elsevier}
}

@inproceedings{paiement2007generative,
  title={A generative model for rhythms},
  author={Paiement, Jean-Fran{\c{c}}ois and Grandvalet, Yves and Bengio, Samy and Eck, Douglas},
  booktitle={NIPS Workshop on Brain, Music and Cognition},
  number={LIDIAP-CONF-2007-035},
  year={2007}
}

@article{turing1950computing,
  title={Computing machinery and intelligence},
  author={Turing, Alan M},
  journal={Mind},
  volume={59},
  number={236},
  pages={433--460},
  year={1950},
  publisher={JSTOR}
}

@article{newell1963process,
  title={The process of creative thinking},
  author={Newell, Allen, Shaw, J. G., and Simon, Herbert A. }
    
}

@techreport{blessing2010using,
  title={Using machine learning for identification of art paintings},
  author={Blessing, Alexander and Wen, Kai},
  year={2010},
  institution={Stanford University}
}

@article{haggblade2011music,
  title={Music genre classification},
  author={Haggblade, Michael and Hong, Yang and Kao, Kenny},
  publisher={Citeseer}
}

@article{elman1990finding,
  title={Finding structure in time},
  author={Elman, Jeffrey L},
  journal={Cognitive science},
  volume={14},
  number={2},
  pages={179--211},
  year={1990},
  publisher={Elsevier}
}

@article{scientist2012computer,
    title={Computer composer honours Turing's centenary},
    journal={New Scientist},
    year={2012},
    howpublished = "\url{https://www.newscientist.com/article/mg21528724-300-computer-composer-honours-turings-centenary}"
}

@inproceedings{coca2011generation,
  title={Generation of composed musical structures through recurrent neural networks based on chaotic inspiration},
  author={Coca, Andr{\'e}s E and Romero, Roseli AF and Zhao, Liang},
  booktitle={Neural Networks (IJCNN), The 2011 International Joint Conference on},
  pages={3220--3226},
  year={2011},
  organization={IEEE}
}

@article{coca2010characterizing,
  title={Characterizing chaotic melodies in automatic music composition},
  author={Coca, Andres E and Tost, Gerard O and Zhao, Liang},
  journal={Chaos: An Interdisciplinary Journal of Nonlinear Science},
  volume={20},
  number={3},
  pages={033125},
  year={2010},
  publisher={AIP Publishing}
}

@article{rayner2016google,
  title={Can Google’s Deep Dream become an art machine?},
  author={Alex Rayner},
  journal={The Guardian},
  year={2016},
  howpublished = "\url{http://www.theguardian.com/artanddesign/2016/mar/28/google-deep-dream-art}"
}

@article{galperina2015google,
  title={Is Google's Deep Dream art?},
  author={Marina Galperina},
  journal={Hopes \& Fears},
  year={2015},
  howpublished = "\url{http://www.hopesandfears.com/hopes/culture/is-this-art/215039-deep-dream-google-art}"
}

@article{campbell2016inside,
  title={Inside Google's First DeepDream Art Show},
  author={Kelsey Campbell-Dollaghan},
  journal={Co.Design},
  year={2016},
  howpublished = "\url{http://www.fastcodesign.com/3057368/inside-googles-first-deepdream-art-show}"
}

@article{woodie2016big,
  title={Your Big Data Will Read To You Now},
  author={Alex Woodie},
  journal={datanami},
  year={2014},
  howpublished = "\url{http://www.datanami.com/2014/10/28/big-data-will-read-now/}"
}

@article{business2014nhs,
  title={NHS Choices Selects Narrative Science to Assist with Delivery of Healthcare Information},
  journal={Business Wire},
  year={2014},
  howpublished = "\url{http://www.businesswire.com/news/home/20141028005223/en/NHS-Choices-Selects-Narrative-Science-Assist-Delivery}"
}

@article{gesenhues2014free,
  title={New Free Google Analytics App From Narrative Science Creates Reports In “Plain English”},
  author={Amy Gesenhues},
  journal={Marketing Land},
  year={2014},
  howpublished = "\url{http://marketingland.com/quill-engage-provides-insight-site-analytics-77084}"
}

@article{tarantola2016ai,
  title={AI-written novel passes first round of a literary competition},
  author={Andrew Tarantola},
  journal={Marketing Land},
  year={2016},
  howpublished = "\url{http://www.engadget.com/2016/03/24/ai-written-novel-passes-first-round-of-a-literary-competition/}"
}

@article{pressing1988nonlinear,
  title={Nonlinear maps as generators of musical design},
  author={Pressing, Jeff},
  journal={Computer Music Journal},
  volume={12},
  number={2},
  pages={35--46},
  year={1988},
  publisher={JSTOR}
}

@article{bilmes1998gentle,
  title={A gentle tutorial of the EM algorithm and its application to parameter estimation for Gaussian mixture and hidden Markov models},
  author={Bilmes, Jeff A and others},
  journal={International Computer Science Institute},
  volume={4},
  number={510},
  pages={126},
  year={1998}
}

@article{rohde2002methods,
  title={Methods for binary multidimensional scaling},
  author={Rohde, Douglas LT},
  journal={Neural Computation},
  volume={14},
  number={5},
  pages={1195--1232},
  year={2002},
  publisher={MIT Press}
}
