
@article{pinkerton1956information,
  title={Information theory and melody.},
  author={Pinkerton, Richard C},
  journal={Scientific American},
  year={1956},
  publisher={Scientific American, Inc.}
}

@article{todd1989connectionist,
  title={A connectionist approach to algorithmic composition},
  author={Todd, Peter M},
  journal={Computer Music Journal},
  volume={13},
  number={4},
  pages={27--43},
  year={1989},
  publisher={JSTOR}
}

@inproceedings{mcintyre1994bach,
  title={Bach in a box: The evolution of four part baroque harmony using the genetic algorithm},
  author={McIntyre, Ryan A},
  booktitle={Evolutionary Computation, 1994. IEEE World Congress on Computational Intelligence., Proceedings of the First IEEE Conference on},
  pages={852--857},
  year={1994},
  organization={IEEE}
}

@article{horner1991genetic,
  title={Genetic algorithms and computer-assisted music composition},
  author={Horner, Andrew and Goldberg, David E},
  journal={Urbana},
  volume={51},
  number={61801},
  pages={14},
  year={1991}
}

@article{chemillier2004toward,
  title={Toward a formal study of jazz chord sequences generated by steedmanâ€™s grammar},
  author={Chemillier, Marc},
  journal={Soft Computing},
  volume={8},
  number={9},
  pages={617--622},
  year={2004},
  publisher={Springer}
}

@techreport{smirke2015global,
  title={Global Record Business Dips Slightly, U.S. Ticks Upwards In IFPI's 2015 Report},
  author={Richard Smirke},
  institution={billboard.com},
  year={2015},
  type={report}    
}

@techreport{riaj2015global,
  title={RIAJ Yearbook 2015: IFPI 2013, 2014. Global Sales of Recorded Music},
  institution={Recording Industry Association of Japan},
  year={2015}    
}

@article{ifpi2006digital,
  title={Digital Formats continue to drive the Global Music Market},
  url={http://www.ifpi.org/content/library/worldsales2005.pdf},
  institution={IFPI},
  year={2006}    
}

@book{knopper2009appetite,
  title={Appetite for self-destruction: The spectacular crash of the record industry in the digital age},
  author={Knopper, Steve},
  year={2009},
  publisher={Simon and Schuster}
}

@unpublished{tozer2016algorithmic,
  title={Algorithmic Co-composition using Machine Learning},
  author={Tozer, Stephen},
  year={2016},
}

@article{diaz2011composing,
  title={Composing with Melomics: Delving into the computational world for musical inspiration},
  author={Diaz-Jerez, Gustavo},
  journal={Leonardo Music Journal},
  volume={21},
  pages={13--14},
  year={2011},
  publisher={MIT Press}
}
